@INPROCEEDINGS{ksc02,
    author = {Lakhwinder Kaur and Savita Gupta and R. C. Chauhan},
    title = {Image Denoising using Wavelet Thresholding},
    booktitle = {Indian Conference on Computer Vision, Graphics and Image Processing, Ahmedabad},
    year = {2002},
    publisher = {}
}
@MISC{rvs02,
    author = {Raghuram Rangarajan and Ramji Venkataramanan and Siddharth Shah},
    title = {Image Denoising Using Wavelets},
    year = {2002}
}
@book{aima,
    author = {Russell, Stuart J. and Norvig, Peter},
    citeulike-article-id = {709475},
    citeulike-linkout-0 = {http://portal.acm.org/citation.cfm?id=773294},
    isbn = {0137903952},
    keywords = {ai, books},
    posted-at = {2006-08-09 11:54:13},
    priority = {2},
    publisher = {Pearson Education},
    title = {{Artificial Intelligence: A Modern Approach}},
    url = {http://portal.acm.org/citation.cfm?id=773294},
    year = {2003}
}
@article{arith,
    author = {Witten, Ian H. and Neal, Radford M. and Cleary, John G.},
    title = {Arithmetic coding for data compression},
    journal = {Commun. ACM},
    issue_date = {June 1987},
    volume = {30},
    number = {6},
    month = jun,
    year = {1987},
    issn = {0001-0782},
    pages = {520--540},
    numpages = {21},
    url = {http://doi.acm.org/10.1145/214762.214771},
    doi = {10.1145/214762.214771},
    acmid = {214771},
    publisher = {ACM},
    address = {New York, NY, USA},
} 

